<?xml version="1.0" encoding="UTF-8"?><collection xmlns="http://www.loc.gov/MARC21/slim"><record><leader>00418nam--2200133-i-4500</leader><controlfield tag="001">000039138</controlfield><controlfield tag="002">20161230</controlfield><controlfield tag="005">20161230201042</controlfield><controlfield tag="008">060222s1000------------r-----000-0-eng-d</controlfield><datafield ind1=" " ind2=" " tag="080"><subfield code="a">621.372.8:015</subfield></datafield><datafield ind1=" " ind2=" " tag="100"><subfield code="a">Rimet,Roger</subfield></datafield><datafield ind1=" " ind2=" " tag="245"><subfield code="a">Emploi des lignes dans les lentilles a propagation contrainte. etude du guide en auge charge par in paigne. these</subfield></datafield><datafield ind1=" " ind2=" " tag="260"><subfield code="a">Grenoble, Faculte Des Sciences, 1970. 70 P</subfield></datafield><datafield ind1=" " ind2=" " tag="852"><subfield code="a">38099</subfield></datafield></record></collection>